<record><leader>00000cas a22000007a 4500</leader><controlfield tag="001">21428587</controlfield><controlfield tag="008">900425d18981900couwr ne      0    0eng d</controlfield><datafield ind1=" " ind2=" " tag="010"><subfield code="a">sn 90051275 </subfield></datafield><datafield ind1=" " ind2=" " tag="040"><subfield code="a">CNQ</subfield><subfield code="b">eng</subfield><subfield code="c">CNQ</subfield><subfield code="d">OCLCQ</subfield></datafield><datafield ind1=" " ind2=" " tag="042"><subfield code="a">msc</subfield></datafield><datafield ind1="0" ind2=" " tag="130"><subfield code="a">Times-republican (Rocky Ford, Colo. : 1898)</subfield></datafield><datafield ind1="1" ind2="4" tag="245"><subfield code="a">The times-republican.</subfield></datafield><datafield ind1=" " ind2=" " tag="260"><subfield code="a">Rocky Ford, Colo. :</subfield><subfield code="b">Times Republican Pub. Co.</subfield></datafield><datafield ind1=" " ind2=" " tag="300"><subfield code="a">v.</subfield></datafield><datafield ind1=" " ind2=" " tag="310"><subfield code="a">Weekly</subfield></datafield><datafield ind1="0" ind2=" " tag="362"><subfield code="a">Vol. 5, no. 1 (Jan. 7, 1898)-v. 7, no. 24 (June 15, 1900).</subfield></datafield><datafield ind1=" " ind2=" " tag="530"><subfield code="a">Available on microfilm from the Colorado Historical Society.</subfield></datafield><datafield ind1=" " ind2=" " tag="752"><subfield code="a">United States</subfield><subfield code="b">Colorado</subfield><subfield code="c">Otero</subfield><subfield code="d">Rocky Ford.</subfield></datafield><datafield ind1="0" ind2="4" tag="780"><subfield code="t">Junta times</subfield></datafield><datafield ind1="0" ind2="4" tag="780"><subfield code="t">Rocky Ford republican</subfield><subfield code="w">(DLC)sn 90051273</subfield></datafield><datafield ind1="0" ind2="0" tag="785"><subfield code="t">Rocky Ford republican (Rocky Ford, Colo. : 1900)</subfield><subfield code="w">(DLC)sn 90051276</subfield></datafield></record>